@misc{holtzman2019curious,
    title={The Curious Case of Neural Text Degeneration},
    author={Ari Holtzman and Jan Buys and Maxwell Forbes and Yejin Choi},
    year={2019},
    eprint={1904.09751},
    archivePrefix={arXiv},
    primaryClass={cs.CL}
}

@misc{guo2017calibration,
    title={On Calibration of Modern Neural Networks},
    author={Chuan Guo and Geoff Pleiss and Yu Sun and Kilian Q. Weinberger},
    year={2017},
    eprint={1706.04599},
    archivePrefix={arXiv},
    primaryClass={cs.LG}
}